<record><leader>00000cas a22000007a 4500</leader><controlfield tag="001">24024704</controlfield><controlfield tag="008">910703d19511954maudr ne      0    0eng d</controlfield><datafield ind1=" " ind2=" " tag="010"><subfield code="a">sn 91057116 </subfield></datafield><datafield ind1=" " ind2=" " tag="040"><subfield code="a">MGN</subfield><subfield code="b">eng</subfield><subfield code="c">MGN</subfield><subfield code="d">OCLCQ</subfield><subfield code="d">CRL</subfield></datafield><datafield ind1=" " ind2=" " tag="042"><subfield code="a">msc</subfield></datafield><datafield ind1="0" ind2=" " tag="130"><subfield code="a">Boston American (Boston, Mass. : 1951 : Cambridge Somerville ed.)</subfield></datafield><datafield ind1="1" ind2="0" tag="245"><subfield code="a">Boston American.</subfield></datafield><datafield ind1="3" ind2="0" tag="246"><subfield code="a">Boston Sunday advertiser</subfield></datafield><datafield ind1=" " ind2=" " tag="250"><subfield code="a">Cambridge Somerville ed.</subfield></datafield><datafield ind1=" " ind2=" " tag="260"><subfield code="a">Boston, Mass. :</subfield><subfield code="b">Hearst Corp.</subfield></datafield><datafield ind1=" " ind2=" " tag="300"><subfield code="a">v.</subfield></datafield><datafield ind1=" " ind2=" " tag="310"><subfield code="a">Daily</subfield></datafield><datafield ind1="1" ind2=" " tag="362"><subfield code="a">Began in Aug. 1951?</subfield></datafield><datafield ind1="0" ind2=" " tag="362"><subfield code="a">-v. 50, no. 259 (Jan. 23, 1954).</subfield></datafield><datafield ind1=" " ind2=" " tag="500"><subfield code="a">On Sundays published as: Boston Sunday advertiser.</subfield></datafield><datafield ind1=" " ind2=" " tag="752"><subfield code="a">United States</subfield><subfield code="b">Massachusetts</subfield><subfield code="c">Suffolk</subfield><subfield code="d">Boston.</subfield></datafield><datafield ind1=" " ind2=" " tag="752"><subfield code="a">United States</subfield><subfield code="b">Massachusetts</subfield><subfield code="c">Middlesex</subfield><subfield code="d">Cambridge.</subfield></datafield><datafield ind1=" " ind2=" " tag="752"><subfield code="a">United States</subfield><subfield code="b">Massachusetts</subfield><subfield code="c">Middlesex</subfield><subfield code="d">Somerville.</subfield></datafield><datafield ind1="0" ind2=" " tag="775"><subfield code="t">Boston American (Boston, Mass. : 1951)</subfield><subfield code="w">(DLC)sn 91057112</subfield><subfield code="w">(OCoLC)24024699</subfield></datafield><datafield ind1="0" ind2="0" tag="785"><subfield code="t">American (Boston, Mass. : 1954 : Cambridge Somerville ed.)</subfield><subfield code="w">(DLC)sn 91057118</subfield><subfield code="w">(OCoLC)24024715</subfield></datafield><datafield ind1="1" ind2=" " tag="029"><subfield code="a">AU@</subfield><subfield code="b">000025882925</subfield></datafield></record>